@article{example2024,
  author = {ehehe},
  journal = {adadada},
  number = {2},
  title = {awdadawdaasgaad a},
  volume = {3},
  year = {2010},
  pages = {12-34}
}